
@misc{RFP,
	title={{Canada's Next Generation Robotics - Request for Proposal}},
	author={MacDonald Dettwiler and Associates},
	year={2015}
}

@misc{HphyEML,
	title = {{Lagrange Points of the Earth-Moon System}},
	howpublished={\url{http://hyperphysics.phy-astr.gsu.edu/hbase/mechanics/lagpt.html}},
	note = {Accessed: 07 October 2015}
}

@misc{NASAcomm,
	title = {{Examination of Communication Delays on Team Performance: Utilizing the ISS as a Testbed for Analog Research}},
	author = {L.B. Leveton, K.E. Keeton, L.L. Schmidt, K.J. Slack, P. Baskin, R. Ploutz-Snyder, L. Palinkas},
	howpublished = {\url{http://ntrs.nasa.gov/archive/nasa/casi.ntrs.nasa.gov/20120007707.pdf}},
	note = {Accessed: 07 October 2015}
	
@misc{NASAauto,
	author = {Jeffrey J. Biesiadecki, P. Chris Leger, Mark W. Maimone},
	title = {{Tradeoffs Between Directed and Autonomous Driving on the Mars Exploration Rovers}},
	howpublished = {\url{https://www-robotics.jpl.nasa.gov/publications/Mark_Maimone/tradeoffs_ijrr_07.pdf}},
	note = {Accessed: 2015/09/22}
}

@misc{ERAjoint,
	author = {D. Verhoeven},
	title = {{Space Mechanisms and Tribology for the Joints of
the European Robot Arm (ERA)}},
	howpublished = {\url{http://www.esmats.eu/esmatspapers/pastpapers/pdfs/1999/verhoeven.pdf}},
	note{Accessed: 07 October 2015}
}

@misc{NASAsysreq_Kumar,
	author = {R. Kumar and R. Hayes},
	title = {{System Requirements and Design Features of Space Station Remote Manipulator System Mechanics}},
	howpublished = {\url{http://ntrs.nasa.gov/archive/nasa/casi.ntrs.nasa.gov/19910015291.pdf}},
	note{Accessed: 07 October 2015}
}

@misc{NASAEE_Mishkin,
	author = {A.H. Mishkin and B.M. Jau},
	title = {{Space-Based Multifunctional End Effector Systems}},
	howpublished = {\url{http://ntrs.nasa.gov/archive/nasa/casi.ntrs.nasa.gov/19890001866.pdf}},
	note{Accessed: 07 October 2015}
}

@misc{NASAinspect_Hayati,
	author = {S. Hayati, J. Balaram, H. Seraji, W. S. Kim, K. Tso and V. Prasad},
	title = {{Remote Surface Inspection System}},
	howpublished = {\url{http://ntrs.nasa.gov/archive/nasa/casi.ntrs.nasa.gov/19930022910.pdf}},
	note{Accessed: 07 October 2015}
}

@misc{NASA_outgassing,
	author = {NASA},
	title = {{Description of Outgassing Data Report}},
	howpublished = {\url{https://outgassing.nasa.gov/og_desc.html}},
	year = {1997},
	month = {October},
	note{Accessed: 07 October 2015}
}

@misc{FAA_radiation,
	author = {Federal Aviation Administration},
	title = {{The Space Environment}},
	howpublished = {\url{https://www.faa.gov/other_visit/aviation_industry/designees_delegations/designee_types/ame/media/Section%20III.4.1.2%20The%20Space%20Environment.pdf}},
	note{Accessed: 22 September 2015}
}

@misc{spacedesigntemp,
	author = {J. E. Keese},
	title = {{Spacecraft Thermal Control Systems}},
	howpublished = {\url{http://ocw.mit.edu/courses/aeronautics-and-astronautics/16-851-satellite-engineering-fall-2003/lecture-notes/l23thermalcontro.pdf}},
	note{Accessed: 05 October 2015}
}

@misc{Marscomm,
	author = {AstroSurf.com},
	title = {{Space Communications with Mars}},
	howpublished = {\url{http://www.astrosurf.com/luxorion/qsl-mars-communication3.htm}},
	note{Accessed: 07 October 2015}
}

@misc{roboserve,
	author = {F. Morring, Jr. },
	title = {{Robotic Servicing Seen As Beneficial For Human Exploration}},
	howpublished = {\url{http://aviationweek.com/awin/robotic-servicing-seen-beneficial-human-exploration}},
	note{Accessed: 07 October 2015}
}




@misc{FAA,
	author = {Federal Aviation Administration},
	title = {{The Space Environment}},
	howpublished = {\url{https://www.faa.gov/other_visit/aviation_industry/designees_delegations/designee_types/ame/media/Section\%20III.4.1.2\%20The\%20Space\%20Environment.pdf}},
	note = {Accessed: 2015/09/22}
}

@misc{ULA,
	author={F.Zegler and B. Kutter},
	title={{Evolving to a Depot-Based Space Transportation Architecture}},
	year={2010}
}

@article{CADR1,
	author={Garry Lindberg},
	title={{Canadarm and its U of A Connections}},
	journal={U of A Engineer Magazine (University of Alberta)},
	year={},
	volume={}
}

@misc{moonfacts,
	author = {National Aeronautics and Space Administration},
	title = {{Moon Fact Sheet}},
	howpublished = {\url{http://nssdc.gsfc.nasa.gov/planetary/factsheet/moonfact.html}},
	note = {Accessed: 2015/09/22}
}

@misc{mars,
	author = {MarsNew.com},
	title = {{The Planet Mars}},
	howpublished = {\url{http://marsnews.com/the-planet-mars}},
	note = {Accessed: 2015/09/22}
}

@article{rob_sys,
	author={National Aeronautics and Space Administration},
	number={TA 4},
	title={{Robotics and Autonomous Systems}},
	year={2015}
}

@article{safety_issues,
	author={Milos Vasic and Aude Billard},
	title={{Safety Issues in Human-Robot Interactions}},
	year={2013}
}

@article{ISS_ass,
	author={National Aeronautics and Space Administration},
	title={{Space Station Assembly}},
	year={2013}
}

@misc{MDA_Carm2,
	author={MacDonald Dettwiler and Associates},
	title={{Canadarm2 End Effector}},
	howpublished = {\url{http://is.mdacorporation.com/mdais_canada/Offerings/Offerings_Canadarm2lee.aspx}},
	year={2012},
	note = {Accessed: 2015/09/22}
}

@misc{IEEE_Carm,
	author={MacDonald Dettwiler and Associates},
	title={{The Shuttle Remote Manipulator System - The Canadarm}},
	howpublished = {\url{http://www.ieee.ca/millennium/canadarm/canadarm_technical.html}},
	note = {Accessed: 2015/09/22}
}

@misc{ERA_joints,
	author={D. Verhoeven},
	title={{Space Mechanisms and Tribology for the Joints of the European Robotic Arm (ERA)}},
	howpublished = {\url{http://www.researchgate.net/publication/228598591_Space_mechanisms_and_tribology_for_the_joints_of_the_European_Robot_Arm_(ERA)}},
	note = {Accessed: 2015/10/25}
}

@misc{TUD_mass,
	author={TU Delft},
	title={{Spacecraft preliminary mass estimation \& allocation}},
	howpublished = {\url{http://www.lr.tudelft.nl/en/organisation/departments/space-engineering/space-systems-engineering/expertise-areas/spacecraft-engineering/blind-documents/spacecraft-mass-budget/}},
	note = {Accessed: 2015/10/25}
}

@misc{cameras,
	author={Malin Space Science Systems},
	title={{Standard Modular Space Camera Systems}},
	howpublished = {\url{http://www.msss.com/space-cameras/}},
	note = {Accessed: 2015/10/25}
}

@misc{ESM_telescopic,
	author={L. Bourrec{,} L. Bernab\'e{,} V. Pires and S. Tremolieres},
	title={{Telescopic Boom for Space Applications Engineering Model}},
	howpublished = {\url{http://www.esmats.eu/esmatspapers/pastpapers/pdfs/2011/bourrec.pdf}},
	note = {Accessed: 2015/10/25}
}

@misc{IEEE_RMSperformance,
	author={R. Gillet and F. Ho},
	title={{Remote Manipulator System Performance Improvements Using a Fibre-Optic based Architecture}},
	howpublished = {\url{http://ieeexplore.ieee.org.myaccess.library.utoronto.ca/stamp/stamp.jsp?tp=&arnumber=727460&tag=1}},
	year={1998},
	note = {Accessed: 2015/10/25}
}

@misc{LISA_budget,
	author={National Aeronautics and Space Administration},
	title={{Laser Interferometer Space Antenna (LISA) System Technical Budgets}},
	howpublished = {\url{http://lisa.nasa.gov/Documentation/LISA-MSE-BR-0001.pdf}},
	year={2009},
	note = {Accessed: 2015/10/25}
}

@misc{NASA_microrover,
	author={L. A. Garc\'ia and E. Cester},
	title={{Analysis and Design of Microrover Delivery System}},
	howpublished = {\url{https://solarsystem.nasa.gov/docs/p398.pdf}},
	note = {Accessed: 2015/10/25}
}

@misc{Liion_Mars,
	author={B. V. Ratnakumar{,} M. C. Smart{,} L.D. Wh itcanack{,}  R. C. Ewell and S. Surampudi},
	title={{Li-Ion Rechargeable Batteries on Mars Exploration }},
	howpublished = {\url{http://www.researchgate.net/publication/238794735_Li-Ion_Rechargeable_Batteries_on_Mars_Exploration_Rovers}},
	year={2014},
	note = {Accessed: 2015/10/25}
}

@misc{ISS_power,
	author={National Aeronautics and Space Administration},
	title={{NASA Glenn Contributions to the International Space Station (ISS) Electrical Power System}},
	howpublished = {\url{http://www.nasa.gov/centers/glenn/about/fs06grc.html}},
	year={2011},
	note = {Accessed: 2015/10/25}
}

@misc{batt_primer,
	title={{Product Engineering Processes: Battery Primer}},
	howpublished = {\url{http://web.mit.edu/2.009/www/resources/mediaAndArticles/batteriesPrimer.pdf}},
	note = {Accessed: 2015/10/25}
}

@book{NiH_se,
	author={B. L. Theraja{,} A. K. Theraja and S. G. Tarnekar},
	title={{A Textbook of Electrical Technology}},
	publisher={S. Chand \& Company Ltd},
	volume={1}
}

@misc{NASA_energy,
	author={V. J. Lyons{,} G. A. Gonzalez{,} M. G. Houts{,} C. J. Iannello{,} J. H. Scott and S. Surampudi},
	title={{DRAFT Space Power and Energy Storage Roadmap}},
	howpublished = {\url{http://www.nasa.gov/pdf/501328main_TA03-SpacePowerStorage-DRAFT-Nov2010-A.pdf}},
	year={2010},
	note = {Accessed: 2015/10/25}
}

@article{CJME_EE,
	author={F. Feng{,} Y. W. Liu{,} H. Liu and H. G. Cai},
	title={{Design schemes and comparison research of the end-effector of large space manipulator}},
	journal={Chinese Journal of Mechanical Engineering},
	year={2012},
	volume={25},
	pages={674-687}
}

@misc{orbital_capture,
	author={S. Stamm and P. Motaghedi},
	title={{Orbital Express Capture System: concept to reality}},
	howpublished = {\url{https://www.google.ca/url?sa=t&rct=j&q=&esrc=s&source=web&cd=2&cad=rja&uact=8&ved=0CCMQFjABahUKEwjnhYO4_-PIAhUJOD4KHeHDA6w&url=http%3A%2F%2Fproceedings.spiedigitallibrary.org%2Fdata%2FConferences%2FSPIEP%2F23638%2F78_1.pdf&usg=AFQjCNF9IRxuXLLgWgLNJ6nhpsV8AOlW1g&sig2=28L88GvkGFYKDdwUMC28rw}},
	note = {Accessed: 2015/10/25}
}

@misc{ERA_EE,
	author={C. J. M. Heemskerk{,} M. Visser and D. Vrancken},
	title={{http://robotics.estec.esa.int/ASTRA/Astra2006/Papers/ASTRA2006-3.1.2.05.pdf}},
	howpublished = {\url{http://robotics.estec.esa.int/ASTRA/Astra2006/Papers/ASTRA2006-3.1.2.05.pdf}},
	year={2006},
	note = {Accessed: 2015/10/25}
}

@misc{ESA_motor,
	author={E. Favre{,} P. Gay-Crosier{,} N. Wavre and M. Verain},
	title={{European Electric Space Related Motors Handbook}},
	howpublished = {\url{http://www.esmats.eu/esmatspapers/pastpapers/pdfs/1999/favre.pdf}},
	note = {Accessed: 2015/10/25}
}

@misc{ERA_motor,
	author={F.C. Baker{,} E. Favre{,} J.-M. Mozzon{,} A. Crausaz and P. Juriens},
	title={{European Robotic Arm (ERA) Manipulator Joint SystemMotor Unit and Tribological Brake}},
	howpublished = {\url{http://www.esmats.eu/esmatspapers/pastpapers/pdfs/1999/baker.pdf}},
	note = {Accessed: 2015/10/25}
}

@inproceedings{arm_comp,
	author={P. Laryssa{,} E. Lindsay{,} O. Layi{,} O. Marius{,} K. Nara{,} L. Aris and T. Ed},
	title={{International Space Station Robotics: A Comparative Study of ERA, JEMRMS and MSS}},
	booktitle={7th ESA Workshop on Advanced Space Technologies for Robotics and Automation 'ASTRA 2002'ESTEC},
	year={2002}
}

@inbook{carbonfibreprop,
	author={P. J. Walsh},
	title={{Carbon Fibers}},
	booktitle={ASM Handbook},
	volume={21},
	year={2001}
}

@misc{alumniumprop,
	author={ASM Aerospace Spcification Metals Inc.},
	title={{ASM Material Data Sheet: Aluminum 7075-T6; 7075-T651}},
	howpublished = {\url{http://asm.matweb.com/search/SpecificMaterial.asp?bassnum=MA7075T6}},
	note = {Accessed: 2015/10/30}
}

@misc{steelprop,
	author={ASM Aerospace Spcification Metals Inc.},
	title={{ASM Material Data Sheet: AISI Type 304 Stainless Steel}},
	howpublished = {\url{http://asm.matweb.com/search/SpecificMaterial.asp?bassnum=MQ304A}},
	note = {Accessed: 2015/10/30}
}

@misc{titaniumprop,
	author={Arcam EBM System},
	title={{Ti6Al4V Titanium Alloy}},
	howpublished = {\url{http://www.arcam.com/wp-content/uploads/Arcam-Ti6Al4V-Titanium-Alloy.pdf}},
	note = {Accessed: 2015/10/30}
}



@misc{IM_solidprop,
	author={Isidoro Mart\'inez},
	title={{Properties of Solids}},
	howpublished = {\url{http://webserver.dmt.upm.es/~isidoro/dat1/eSol.pdf}},
	year={2015},
	note = {Accessed: 2015/10/25}
}

@article{GPL_solar,
	author={G. Kopp and J. L. Lean},
	title={{A new, lower value of total solar irradiance: Evidence and climate significance}},
	journal={Geophysical Research Letters},
	year={2011},
	volume={38}
}

@misc{RRE_solar,
	author={Red Rock Energy},
	title={{Heliostat Design Concepts: Solar Absorption \& Emissivity}},
	howpublished = {\url{http://www.redrok.com/concept.htm#emissivity}},
	year={2012},
	note = {Accessed: 2015/10/25}
}

@misc{ISS_Harmony,
	author={National Aeronautics and Space Administration},
	title={{International Space Station: Harmony}},
	howpublished = {\url{http://www.nasa.gov/mission_pages/station/structure/elements/node2.html#.VjP1L7erRD-}},
	note = {Accessed: 2015/10/30}
}

@misc{delta_launch,
	author={United Launch Alliance},
	title={{Delta IV Launch Services User’s Guide}},
	howpublished = {\url{http://www.ulalaunch.com/uploads/docs/Launch_Vehicles/Delta_IV_Users_Guide_June_2013.pdf}},
	year={2013},
	note = {Accessed: 2015/10/28}
}

@misc{atlas_launch,
	author={United Launch Alliance},
	title={{Atlas V Launch Services
User’s Guide}},
	howpublished = {\url{http://www.ulalaunch.com/uploads/docs/AtlasVUsersGuide2010.pdf}},
	year={2010},
	note = {Accessed: 2015/10/28}
}

@misc{,
	author={},
	title={{}},
	howpublished = {\url{}},
	year={},
	note = {Accessed: 2015/10/25}
}

@misc{,
	author={},
	title={{}},
	howpublished = {\url{}},
	year={},
	note = {Accessed: 2015/10/25}
}

@misc{,
	author={},
	title={{}},
	howpublished = {\url{}},
	year={},
	note = {Accessed: 2015/10/25}
}

@misc{,
	author={},
	title={{}},
	howpublished = {\url{}},
	year={},
	note = {Accessed: 2015/10/25}
}
